<record><leader>00000cas a22000007a 4500</leader><controlfield tag="001">14153203</controlfield><controlfield tag="008">860827d19591970txuwr ne      0    0eng d</controlfield><datafield ind1=" " ind2=" " tag="010"><subfield code="a">sn 86088788 </subfield></datafield><datafield ind1=" " ind2=" " tag="040"><subfield code="a">PPM</subfield><subfield code="b">eng</subfield><subfield code="c">PPM</subfield><subfield code="d">OCLCQ</subfield></datafield><datafield ind1=" " ind2=" " tag="042"><subfield code="a">msc</subfield></datafield><datafield ind1="0" ind2="4" tag="245"><subfield code="a">The Graham reporter.</subfield></datafield><datafield ind1=" " ind2=" " tag="260"><subfield code="a">Graham, Tex. :</subfield><subfield code="b">E.B. Harris and E.B. Harris, Jr.,</subfield><subfield code="c">1959-1970.</subfield></datafield><datafield ind1=" " ind2=" " tag="300"><subfield code="a">v. :</subfield><subfield code="b">ill.</subfield></datafield><datafield ind1=" " ind2=" " tag="310"><subfield code="a">Weekly</subfield></datafield><datafield ind1="0" ind2=" " tag="362"><subfield code="a">Vol. 1, no. 1 (Aug. 17, 1959)-v. 11, no. 35 (Apr. 6, 1970).</subfield></datafield><datafield ind1=" " ind2=" " tag="752"><subfield code="a">United States</subfield><subfield code="b">Texas</subfield><subfield code="c">Young</subfield><subfield code="d">Graham.</subfield></datafield><datafield ind1="0" ind2="7" tag="785"><subfield code="t">Graham leader</subfield><subfield code="w">(DLC)sn 86088805</subfield></datafield><datafield ind1="0" ind2="7" tag="785"><subfield code="t">Graham leader-reporter</subfield><subfield code="w">(DLC)sn 86088789</subfield></datafield></record>